% This file was created with JabRef 2.10b2.
% Encoding: UTF-8


@InProceedings{briatte_recours_2009,
  Title                    = {Le recours aux blogs dans une activité de recherche. Deux expériences en sciences humaines et sociales},
  Author                   = {Briatte, François and Gombin, Joël},
  Booktitle                = {Journée de formation des étudiants de M2 histoire de l'EHESS aux outils numériques},
  Year                     = {2009},

  Address                  = {Paris},
  Month                    = nov,
  Organization             = {EHESS},

  File                     = {blogsetshs.pdf:/home/joel/.zotero/zotero/3oegwlq1.default/zotero/storage/ETTKA3GD/blogsetshs.pdf:application/pdf},
  Url                      = {http://politbistro.hypotheses.org/332}
}

@Article{charpentier_homme_2014,
  Title                    = {Un homme, deux voix : le vote par procuration},
  Author                   = {Charpentier, Arthur and Coulmont, Baptiste and Gombin, Joël},
  Journal                  = {La vie des idées},
  Year                     = {2014},

  Keywords                 = {sans comité de lecture},
  Owner                    = {joel},
  Timestamp                = {2014.02.11},
  Url                      = {http://www.laviedesidees.fr/Un-homme-deux-voix-le-vote-par.html}
}

@InCollection{gombin_front_2012,
  Title                    = {Le Front national en Provence-Alpes-Côte {d'Azur}},
  Author                   = {Gombin, Joël},
  Booktitle                = {Le Front national. Mutations de l'extrême droite française},
  Publisher                = {Editions de {l'Université} de Bruxelles},
  Year                     = {2012},

  Address                  = {Bruxelles},
  Editor                   = {Delwit, Pascal},
  Pages                    = {191--209}
}

@InCollection{gombin_que_2009,
  Title                    = {Que sont les électeurs du Front national devenus ? L’extrême droite, la droite et les autres en région {PACA}},
  Author                   = {Gombin, Joël},
  Booktitle                = {Droit(es) aux urnes en région {PACA} ! L'élection présidentielle de 2007 en région Provence-Alpes-Côte {d'Azur}},
  Publisher                = {{L'Harmattan}},
  Year                     = {2009},

  Address                  = {Paris},
  Editor                   = {Gombin, Joël and Mayance, Pierre},
  Pages                    = {139--181},
  Series                   = {Cahiers politiques},

  Url                      = {http://halshs.archives-ouvertes.fr/halshs-00448716/en/}
}

@TechReport{gombin_les_2010,
  Title                    = {Les comportements électoraux en Picardie. Une approche par la régression},
  Author                   = {Gombin, Joël},
  Institution              = {{CURAPP} - Université de Picardie-Jules Verne},
  Year                     = {2010},

  Address                  = {Amiens},

  Booktitle                = {Espaces de vie, encastrement social et biographique des comportements politiques. Rapport de recherche du projet {CEVIPOPP}},
  Editor                   = {Lehingue, Patrick and Marchand-Lagier, Christèle},
  Pages                    = {285},
  Url                      = {http://halshs.archives-ouvertes.fr/halshs-00780834}
}

@Article{Gombin2014,
  Title                    = {Marseille : de la sociologie urbaine à la géopolitique locale ?},
  Author                   = {Gombin, Joël},
  Journal                  = {Métropolitiques},
  Year                     = {2014},

  Month                    = mar,

  Keywords                 = {comité de lecture},
  Owner                    = {joel},
  Timestamp                = {2014.06.16},
  Url                      = {http://www.metropolitiques.eu/Marseille-de-la-sociologie-urbaine.html}
}

@TechReport{Gombin2014a,
  Title                    = {Le Front national, faiseur de rois à Marseille ?},
  Author                   = {Gombin, Joël},
  Institution              = {Fondation Jean-Jaurès},
  Year                     = {2014},
  Month                    = {mar},
  Number                   = {7},

  Owner                    = {joel},
  Pages                    = {285},
  Timestamp                = {2014.06.16},
  Url                      = {http://www.jean-jaures.org/content/download/19586/197792/version/3/file/Notes-8-ORAP.pdf}
}

@InProceedings{gombin__2013,
  Title                    = {\enquote{Nouveau} {FN}, vieille carte électorale ? Les territoires du vote pour le Front national de 1995 à 2012},
  Author                   = {Gombin, Joël},
  Booktitle                = {Section thématique 27, \enquote{Un nouveau Front national ?}, 12e congrès de l'AFSP},
  Year                     = {2013},

  Address                  = {Institut d'études politiques de Paris},
  Month                    = jul,

  Url                      = {http://halshs.archives-ouvertes.fr/halshs-00849332}
}

@InProceedings{gombin_aspects_2013,
  Title                    = {Aspects de cartographie thématique pour les sciences sociales avec R},
  Author                   = {Gombin, Joël},
  Booktitle                = {Deuxièmes rencontres R},
  Year                     = {2013},

  Address                  = {Lyon},
  Month                    = jun,

  Url                      = {http://r2013-lyon.sciencesconf.org/18876}
}

@InProceedings{gombin_front_2013,
  Title                    = {The Front national vote and its sectorial support},
  Author                   = {Gombin, Joël},
  Booktitle                = {Panel \enquote{The New Right and the \enquote{Squeezed Middle}}, ECPR General Conference},
  Year                     = {2013},

  Address                  = {Institut d'études politiques de Bordeaux},
  Month                    = sep,

  Url                      = {http://halshs.archives-ouvertes.fr/halshs-00861115}
}

@InProceedings{gombin_pour_2013,
  Title                    = {Pour une {ANES} à la française, contextuelle et multiniveau},
  Author                   = {Gombin, Joël},
  Booktitle                = {Module transversal et disciplinaire 1, \enquote{L'avenir des études électorales}, 12e congrès de l'AFSP},
  Year                     = {2013},

  Address                  = {Institut d'études politiques de Paris},
  Month                    = jul,

  Abstract                 = {La communauté scientifique des électoralistes a besoin d'une grande enquête de référence. Plusieurs contributions présentées dans ce {MTED} dessinent les contours de ce que pourrait être son cahier des charges. Je voudrais souligner l'une des dimensions qui me semble essentielle : la nécessité pour cette enquête d'être contextuelle et permettant une analyse multiniveau, ce qui permettra à la sociologie électorale française aussi bien de renouer avec ses traditions (Siegfried, Goguel, Mayer...) que de dialoguer avec la sociologie électorale contemporaine internationale. Par ' contextuelle ', il faut entendre que le jeu de données livré doit fournir non seulement les données individuelles issues de l'enquête, mais aussi des données relatives au(x) contexte(s) (géographiques, mais aussi résidentiel, familial, professionnel...) au(x)quel(s) appartient l'enquêté. Plusieurs options méthodologiques pouvant être envisagées pour atteindre cet objectif seront explorées. ' Multiniveau ' fait référence à l'exigence d'un échantillonnage permettant une analyse multiniveau des résultats - idéalement, au niveau du département et/ou de l'aire urbaine, de manière plus réaliste peut-être au niveau de la région, en fonction de la taille de l'échantillon total retenu.},
  Keywords                 = {contextuel, élections, enquête électorale, multiniveau},
  Url                      = {http://halshs.archives-ouvertes.fr/halshs-00851718},
  Urldate                  = {2013-08-16}
}

@InProceedings{Gombin2013,
  Title                    = {Un Front national à la carte. Géographies électorales du {FN}},
  Author                   = {Gombin, Joël},
  Booktitle                = {1972-2012. Retour sur quarante ans de Front national},
  Year                     = {2013},

  Address                  = {Université Paris X},
  Month                    = jun
}

@Article{gombin_compte_2012,
  Title                    = {Compte rendu : Braconnier (Céline) -- \emph{Une autre sociologie du vote. Les électeurs dans leurs contextes : bilan critique et perspectives}},
  Author                   = {Gombin, Joël},
  Journal                  = {Revue française de science politique},
  Year                     = {2012},
  Number                   = {4},
  Pages                    = {723-724},
  Volume                   = {62},

  Keywords                 = {recension},
  Owner                    = {joel},
  Timestamp                = {2013.01.27},
  Url                      = {http://www.cairn.info/revue-francaise-de-science-politique-2012-4-page-692.htm}
}

@InProceedings{gombin_analyse_2009,
  Title                    = {Analyse écologique, modèles multi-niveaux et sociologie électorale : l'exemple des votes pour le Front national},
  Author                   = {Gombin, Joël},
  Booktitle                = {Congrès de {l'Association} française de science politique, session commune aux {ST} 5 : « Etudier les comportements électoraux. Bilan de la recherche francophone » et {ST} 13 : « Variables, Individus, Contextes. Comment observer et analyser leurs interactions ? »},
  Year                     = {2009},

  Address                  = {Grenoble},

  Url                      = {http://halshs.archives-ouvertes.fr/halshs-00422081}
}

@InProceedings{gombin_approche_2009,
  Title                    = {Une approche configurationnelle du vote pour le Front national},
  Author                   = {Gombin, Joël},
  Booktitle                = {Journée d'étude \enquote{L'importance du niveau \enquote{méso} dans l'étude du succès de l'extrême droite}, {UPJV-CURAPP-Université} {d'Anvers}},
  Year                     = {2009},

  Address                  = {Amiens}
}

@InProceedings{gombin_comment_2009,
  Title                    = {Comment appréhender la \enquote{naissance électorale} d'un parti ? Le cas du Front national},
  Author                   = {Gombin, Joël},
  Booktitle                = {Congrès de {l'Association} française de science politique, {ST} 7 : \enquote{Naissance et mort des partis politiques}},
  Year                     = {2009},

  Address                  = {Grenoble},

  Url                      = {http://halshs.archives-ouvertes.fr/halshs-00422078/en/}
}

@InProceedings{gombin_electoral_2009,
  Title                    = {Electoral competition and turnout level. A comparative study},
  Author                   = {Gombin, Joël},
  Booktitle                = {Annual Meeting de {l'American} Political Science Association},
  Year                     = {2009},

  Address                  = {Toronto},

  Url                      = {http://halshs.archives-ouvertes.fr/halshs-00422084/en/}
}

@InProceedings{gombin_is_2009,
  Title                    = {Is there such a thing as extreme-right voters?},
  Author                   = {Gombin, Joël},
  Booktitle                = {Journées d'étude « Movements and ideas of the extreme-right in Europe: Positions and continuity », Nordeuropa-Institute, Humbold University},
  Year                     = {2009},

  Address                  = {Berlin},

  Url                      = {http://halshs.archives-ouvertes.fr/halshs-00422077/en/}
}

@InProceedings{gombin_psychologie_2009,
  Title                    = {La psychologie de la sociologie électorale},
  Author                   = {Gombin, Joël},
  Booktitle                = {Journées d'étude \enquote{De l'être humain : philosophie, psychologie, sociologie morales 2}, Université de Picardie-Jules Verne},
  Year                     = {2009},

  Address                  = {Saint-Valéry-sur-Somme},

  Url                      = {http://halshs.archives-ouvertes.fr/halshs-00448663/en/}
}

@InProceedings{gombin_class_2008,
  Title                    = {Class, religion and vote in contemporary France. An ecological analysis},
  Author                   = {Gombin, Joël},
  Booktitle                = {1st {ISA} Forum of Sociology - Research Committee 18: Political Sociology},
  Year                     = {2008},

  Address                  = {Barcelone},
  Month                    = sep,

  Url                      = {http://halshs.archives-ouvertes.fr/halshs-00422163/en/}
}

@InProceedings{gombin_french_2008,
  Title                    = {French electoral sociology and social psychology},
  Author                   = {Gombin, Joël},
  Booktitle                = {2nd {ECPR} Graduate Conference},
  Year                     = {2008},

  Address                  = {Barcelone},

  Url                      = {http://halshs.archives-ouvertes.fr/halshs-00422166/en/}
}

@InProceedings{gombin_justification_2008,
  Title                    = {De la justification à l'oubli. La science électorale et la psychologie sociale},
  Author                   = {Gombin, Joël},
  Booktitle                = {Journée d'étude « Vies et morts des productions savantes : comment étudier sociologiquement la carrière des références théoriques ? », {CMH-ETT-ENS}},
  Year                     = {2008},

  Address                  = {Paris},

  Url                      = {http://halshs.archives-ouvertes.fr/halshs-00422176/en/}
}

@InProceedings{gombin_metaphore_2008,
  Title                    = {De la métaphore spatiale à la métaphore territoriale. Y a-t-il des territoires de droite et des territoires de gauche ?},
  Author                   = {Gombin, Joël},
  Booktitle                = {Journée d'études « Droite-gauche », {GAP}},
  Year                     = {2008},

  Address                  = {Nanterre},

  Url                      = {http://halshs.archives-ouvertes.fr/halshs-00422167/en/}
}

@InProceedings{gombin_tout_2007,
  Title                    = {Tout un cinéma ? Les jeunes chercheurs en représentation(s)},
  Author                   = {Gombin, Joël},
  Booktitle                = {Colloque \enquote{Philosophies du cinéma politique}, Collège international de philosophie},
  Year                     = {2007},

  Address                  = {Paris},
  Month                    = nov,

  Abstract                 = {Cette communication propose une réflexion, fondée sur la métaphore cinématographique et plus largement scénique, sur le processus de représentation politique, en prenant l'exemple de la représentation des jeunes chercheurs. Elle s'interroge sur les conditions de réussite d'une « entreprise de représentation ».},
  Url                      = {http://www.sens-public.org/spip.php?article554},
  Urldate                  = {2010-01-19}
}

@InProceedings{gombin_vote_2007,
  Title                    = {Un vote \enquote{dépolitisé} ?},
  Author                   = {Gombin, Joël},
  Booktitle                = {Séminaire commun {CSPC/IREMAM} \enquote{Politisation, dépolitisation, repolitisation}},
  Year                     = {2007},

  Address                  = {Aix-en-Provence},

  Url                      = {http://halshs.archives-ouvertes.fr/halshs-00448612/en/}
}

@PhdThesis{gombin_influence_2004,
  Title                    = {L'influence libertaire chez les Verts français},
  Author                   = {Gombin, Joël and Camau, Michel},
  School                   = {Institut d'études politiques},
  Year                     = {2004},

  Address                  = {Aix-en-Provence},
  Type                     = {Mémoire {d'IEP}},

  Url                      = {http://dumas.ccsd.cnrs.fr/dumas-00789692}
}

@Article{gombin_politologue_2009,
  Title                    = {Le politologue, le journaliste et l'électeur},
  Author                   = {Gombin, Joël and Hubé, Nicolas},
  Journal                  = {{Savoir/Agir}},
  Year                     = {2009},

  Month                    = mar,
  Number                   = {7},
  Pages                    = {65--76},

  File                     = {ehess-histoire.csl:/home/joel/.zotero/zotero/3oegwlq1.default/zotero/storage/JCATFQ8P/ehess-histoire.csl:text/xml},
  Keywords                 = {comité de lecture},
  Url                      = {http://halshs.archives-ouvertes.fr/halshs-00421681/}
}

@InProceedings{gombin_politologue_2008,
  Title                    = {Le politologue, le journaliste et l'électeur. Le référendum français sur le Traité constitutionnel européen du 29 mai 2005 au prisme des analyses journalistiques},
  Author                   = {Gombin, Joël and Hubé, Nicolas},
  Booktitle                = {Quatrième congrès de {l'ABSP-CF}, atelier 5 : « Science politique et actualité : quelles méthodes ? »},
  Year                     = {2008},

  Address                  = {Louvain-la-Neuve},

  Url                      = {http://halshs.archives-ouvertes.fr/halshs-00422172/}
}

@InCollection{gombin_introduction_2009,
  Title                    = {Introduction : l'espace politique régional},
  Author                   = {Gombin, Joël and Mayance, Pierre},
  Booktitle                = {Droit(es) aux urnes en région {PACA} ! L'élection présidentielle de 2007 en région Provence-Alpes-Côte {d'Azur}},
  Publisher                = {{L'Harmattan}},
  Year                     = {2009},

  Address                  = {Paris},
  Editor                   = {Gombin, Joël and Mayance, Pierre},
  Pages                    = {13--41},
  Series                   = {Cahiers politiques},

  Url                      = {http://halshs.archives-ouvertes.fr/halshs-00448712/en/}
}

@InCollection{gombin_post-scriptum._2009,
  Title                    = {Post-scriptum. Pour une étude des configurations politiques locales},
  Author                   = {Gombin, Joël and Mayance, Pierre},
  Booktitle                = {Droit(es) aux urnes en région {PACA} ! L'élection présidentielle de 2007 en région Provence-Alpes-Côte {d'Azur}},
  Publisher                = {{L'Harmattan}},
  Year                     = {2009},

  Address                  = {Paris},
  Editor                   = {Gombin, Joël and Mayance, Pierre},
  Pages                    = {277--284},
  Series                   = {Cahiers politiques},

  Url                      = {http://halshs.archives-ouvertes.fr/halshs-00448718/en/}
}

@InCollection{gombin_paca_2009,
  Title                    = {{PACA} : des mondes ruraux à contre-courant ?},
  Author                   = {Gombin, Joël and Mayance, Pierre},
  Booktitle                = {Droit(es) aux urnes en région {PACA} ! L'élection présidentielle de 2007 en région Provence-Alpes-Côte {d'Azur}},
  Publisher                = {{L'Harmattan}},
  Year                     = {2009},

  Address                  = {Paris},
  Editor                   = {Mayance, Joël Gombin et Pierre},
  Pages                    = {43--82},
  Series                   = {Cahiers politiques},

  Url                      = {http://halshs.archives-ouvertes.fr/halshs-00448715/en/}
}

@InCollection{gombin_tous_2010,
  Title                    = {Tous conservateurs ? Analyse écologique du vote de la population agricole lors de l'élection présidentielle de 2007},
  Author                   = {Gombin, Joël and Mayance, Pierre},
  Booktitle                = {Les mondes agricoles en politique},
  Publisher                = {Presses de Sciences Po},
  Year                     = {2010},

  Address                  = {Paris},
  Editor                   = {Mayer, Nonna and Muller, Pierre and Hervieu, Bertrand and Rémy, Jacques and Purseigle, François},
  Pages                    = {193--216},

  Copyright                = {© Presses de Sciences Po},
  File                     = {Snapshot:/home/joel/.zotero/zotero/3oegwlq1.default/zotero/storage/P8ACKUCA/resume.html:text/html;version publiée.pdf:/home/joel/.zotero/zotero/3oegwlq1.default/zotero/storage/KIEK5ZTZ/version publiée.pdf:application/pdf},
  Url                      = {http://halshs.archives-ouvertes.fr/halshs-00641449},
  Urldate                  = {2011-11-15}
}

@InCollection{gombin_analyse_2010,
  Title                    = {Analyse écologique des votes et mondes ruraux. Quelques réflexions méthodologiques},
  Author                   = {Gombin, Joël and Mayance, Pierre},
  Booktitle                = {Battre campagne. Les élections municipales en milieu rural},
  Publisher                = {{L'Harmattan}},
  Year                     = {2010},

  Address                  = {Paris},
  Editor                   = {Troupel, Aurélia and Barone, Sylvain},
  Pages                    = {27--46},
  Series                   = {Logiques politiques},

  Url                      = {http://halshs.archives-ouvertes.fr/halshs-00448720/en/}
}

@InProceedings{gombin_vote_2013,
  Title                    = {Le vote des agricuteurs dans {l'Ouest} siegfridien, cent ans après},
  Author                   = {Gombin, Joël and Mayance, Pierre},
  Booktitle                = {Le Tableau politique de la France de l’Ouest d’André Siegfried 100 ans après. Héritages et postérités},
  Year                     = {2013},

  Address                  = {Cerisy-la-Salle},
  Month                    = jun
}

@InProceedings{gombin_cartographie_2008,
  Title                    = {Cartographie politique du Châtillonais},
  Author                   = {Gombin, Joël and Mayance, Pierre},
  Booktitle                = {Séminaire « Sciences sociales en pratiques : les mondes ruraux » de la {MSH}},
  Year                     = {2008},

  Address                  = {Dijon},

  Url                      = {http://mshdijon.u-bourgogne.fr/msh_cnrs/Multimedia/archives/2007-2008/Les%20mondes%20ruraux/Elections.htm}
}

@Article{gombin_contextualier_2008,
  Title                    = {Contextualier le \enquote{vote agricole} : une analyse écologique},
  Author                   = {Gombin, Joël and Mayance, Pierre},
  Journal                  = {Cahiers du {CEVIPOF}},
  Year                     = {2008},
  Number                   = {48},
  Pages                    = {183--201},

  Keywords                 = {sans comité de lecture}
}

@InProceedings{gombin_sociologie_2008,
  Title                    = {La sociologie électorale quantitative face à l'électeur rural. Réflexions méthodologiques},
  Author                   = {Gombin, Joël and Mayance, Pierre},
  Booktitle                = {Colloque « Battre campagne. Les élections municipales en milieu rural », {CEPEL}},
  Year                     = {2008},

  Address                  = {Montpellier},

  Url                      = {http://halshs.archives-ouvertes.fr/halshs-00422174/en/}
}

@InProceedings{gombin_tous_2008,
  Title                    = {Tous conservateurs ? Le vote des salariés et producteurs agricoles français aujourd'hui},
  Author                   = {Gombin, Joël and Mayance, Pierre},
  Booktitle                = {Colloque international {AFSP/CEVIPOF/INRA/CIHEAM}, \enquote{Les mondes agricoles en politique}},
  Year                     = {2008},

  Address                  = {Paris},

  Url                      = {http://halshs.archives-ouvertes.fr/halshs-00422170/en/}
}

@InProceedings{gombin_contextualiser_2007,
  Title                    = {Contextualiser le \enquote{vote agricole}},
  Author                   = {Gombin, Joël and Mayance, Pierre},
  Booktitle                = {Séminaire inter-disciplinaire « Les mondes agricoles en politique », volet 5, séance 10 : radiographie électorale du « vote agricole », {CEVIPOF}},
  Year                     = {2007},

  Address                  = {Paris},

  Url                      = {http://halshs.archives-ouvertes.fr/halshs-00448644/en/}
}

@InProceedings{gombin_elements_2013,
  Title                    = {Éléments quantitatifs sur la dimension spatiale des effets électoraux des inégalités sociales dans les mondes périurbains français (2007-2012)},
  Author                   = {Gombin, Joël and Rivière, Jean},
  Booktitle                = {Session conjointe des RT 5 et 9, \enquote{Espaces périurbains : une forme urbaine spécifique, des parcours de promotion, domination ou déclassement ?}, Congrès de l'Association française de sociologie},
  Year                     = {2013},

  Address                  = {Nantes},
  Month                    = sep,

  Url                      = {http://halshs.archives-ouvertes.fr/halshs-00859598}
}

@Article{gombin_carte_2012,
  Title                    = {La carte et le sondage},
  Author                   = {Gombin, Joël and Rivière, Jean},
  Journal                  = {Métropolitiques},
  Year                     = {2012},

  Month                    = apr,

  File                     = {Full Text:/home/joel/.zotero/zotero/3oegwlq1.default/zotero/storage/PEM3J4TR/La-carte-et-le-sondage.html:text/html},
  Keywords                 = {comité de lecture},
  Url                      = {http://www.metropolitiques.eu/La-carte-et-le-sondage.html},
  Urldate                  = {2012-10-10}
}

@Article{gombin_maps_2012,
  Title                    = {Maps and opinion polls},
  Author                   = {Gombin, Joël and Rivière, Jean},
  Journal                  = {Metropolitics},
  Year                     = {2012},

  Month                    = jun,

  File                     = {Full Text:/home/joel/.zotero/zotero/3oegwlq1.default/zotero/storage/E5VAKMFQ/Maps-and-opinion-polls.html:text/html},
  Keywords                 = {comité de lecture},
  Translator               = {Waine, Oliver},
  Url                      = {http://www.metropolitiques.eu/Maps-and-opinion-polls.html},
  Urldate                  = {2012-10-10}
}

@InProceedings{gombin_introduction/problematique_2011,
  Title                    = {Introduction/problématique de la {ST}},
  Author                   = {Gombin, Joël and Rivière, Jean},
  Booktitle                = {Congrès de {l'Association} française de science politique, {ST} 34 : \enquote{{Géographie} et sociologie électorales : duel ou duo ? Actualité et avenir d’une concurrence/collaboration scientifique}},
  Year                     = {2011},

  Address                  = {Strasbourg}
}

@InProceedings{gombin_linteret_2010,
  Title                    = {De l’intérêt de multiplier les échelles d’analyse dans les études électorales. Quelques réflexions croisées d’un géographe et d’un politiste},
  Author                   = {Gombin, Joël and Rivière, Jean},
  Booktitle                = {Colloque Géopoint 2010, « Les échelles pour les géographes et les autres. Cultures, finalités et pratiques scalaires », groupe Dupont},
  Year                     = {2010},

  Address                  = {Avignon},

  Url                      = {http://halshs.archives-ouvertes.fr/halshs-00781392}
}

@PhdThesis{gombin_vote_2005,
  Title                    = {Le vote pour le Front national dans le Vaucluse et les Bouches-du-Rhône},
  Author                   = {Gombin, Joël and Traïni, Christophe},
  School                   = {Institut d'études politiques},
  Year                     = {2005},

  Address                  = {Aix-en-Provence},
  Type                     = {mémoire de master recherche 2ème année},

  Keywords                 = {Élections, Provence-Alpes-Côte {d'Azur} (France), Sociologie électorale, Statistiques},
  Url                      = {http://dumas.ccsd.cnrs.fr/dumas-00789325}
}

@Book{gombin_droites_2009,
  Title                    = {Droit(es) aux urnes en région {PACA} ! L'élection présidentielle de 2007 en région Provence-Alpes-Côte {d'Azur}},
  Editor                   = {Gombin, Joël and Mayance, Pierre},
  Publisher                = {{L'Harmattan}},
  Year                     = {2009},

  Address                  = {Paris},
  Series                   = {Cahiers politiques},

  ISBN                     = {978-2-296-10897-4}
}

